@Article{2024_刘巍_Article,
  author       = {刘巍 and 孙傲然 and 刘小龙 and 龙丽丽 and 王明亮 and 迟青卓 and 张宇恒 and 母立众},
  date         = {2024},
  journaltitle = {大连理工大学学报},
  pages        = {228-235},
  title        = {狭窄血管压降及壁面剪应力数值模拟分析},
  volume       = {64},
  issn         = {1000-8608},
  number       = {03},
  creationdate = {2025-09-06T14:26:13},
}

@Article{2023_刘巍_Article,
  author       = {刘巍 and 陈启航 and 梁冰 and 张洋},
  date         = {2023},
  journaltitle = {机械工程学报},
  pages        = {162-172},
  title        = {基于多源参量感知的航空工装定位器在线监测方法与系统研究},
  volume       = {59},
  issn         = {0577-6686},
  number       = {12},
  creationdate = {2025-09-06T14:26:13},
}

@Article{2019_刘巍_Article,
  author       = {刘巍 and 李肖 and 李辉 and 潘翼 and 贾振元},
  date         = {2019},
  journaltitle = {机械工程学报},
  pages        = {1-9},
  title        = {基于双目视觉的数控机床动态轮廓误差三维测量方法},
  volume       = {55},
  issn         = {0577-6686},
  number       = {10},
  creationdate = {2025-09-06T14:26:22},
}

@Comment{jabref-meta: databaseType:biblatex;}
